<record><leader>00000cas a22000007a 4500</leader><controlfield tag="001">11377809</controlfield><controlfield tag="008">841113c19159999wvudr ne      0   a0eng d</controlfield><datafield ind1=" " ind2=" " tag="010"><subfield code="a">sn 84001801 </subfield><subfield code="z">sn 86092449 </subfield></datafield><datafield ind1=" " ind2=" " tag="040"><subfield code="a">NSD</subfield><subfield code="b">eng</subfield><subfield code="c">NSD</subfield><subfield code="d">WVC</subfield><subfield code="d">DLC</subfield><subfield code="d">NSD</subfield><subfield code="d">OCL</subfield><subfield code="d">DLC</subfield><subfield code="d">OCL</subfield><subfield code="d">DLC</subfield><subfield code="d">OCLCQ</subfield><subfield code="d">OCLCF</subfield></datafield><datafield ind1=" " ind2=" " tag="019"><subfield code="a">13393427</subfield></datafield><datafield ind1="1" ind2=" " tag="022"><subfield code="a">8750-3956</subfield><subfield code="l">8750-3956</subfield><subfield code="2">1</subfield></datafield><datafield ind1="1" ind2=" " tag="029"><subfield code="a">AU@</subfield><subfield code="b">000021635553</subfield></datafield><datafield ind1="1" ind2=" " tag="029"><subfield code="a">NZ1</subfield><subfield code="b">16075923</subfield></datafield><datafield ind1=" " ind2=" " tag="032"><subfield code="a">422160</subfield><subfield code="b">USPS</subfield></datafield><datafield ind1=" " ind2=" " tag="037"><subfield code="b">Parkersburg News, 519 Juliana St., P.O. Box 1788, Parkersburg, W.Va. 26102</subfield></datafield><datafield ind1=" " ind2=" " tag="042"><subfield code="a">nsdp</subfield></datafield><datafield ind1=" " ind2=" " tag="043"><subfield code="a">n-us-wv</subfield></datafield><datafield ind1="0" ind2="0" tag="050"><subfield code="a">Newspaper</subfield></datafield><datafield ind1=" " ind2=" " tag="051"><subfield code="a">Newspaper 7002</subfield></datafield><datafield ind1="0" ind2=" " tag="130"><subfield code="a">Parkersburg news (Parkersburg, W. Va. : 1915)</subfield></datafield><datafield ind1=" " ind2="4" tag="222"><subfield code="a">The Parkersburg news</subfield></datafield><datafield ind1="1" ind2="4" tag="245"><subfield code="a">The Parkersburg news.</subfield></datafield><datafield ind1="1" ind2=" " tag="246"><subfield code="i">Issues for Sunday Oct. 21, 1934- published as:</subfield><subfield code="a">Parkersburg Sunday news</subfield></datafield><datafield ind1="1" ind2="7" tag="246"><subfield code="a">News</subfield><subfield code="f">&lt;Nov. 1, 2000-&gt;</subfield></datafield><datafield ind1=" " ind2=" " tag="260"><subfield code="a">Parkersburg, W. Va. :</subfield><subfield code="b">[Parkersburg Pub. Co.]</subfield></datafield><datafield ind1=" " ind2=" " tag="300"><subfield code="a">v.</subfield></datafield><datafield ind1=" " ind2=" " tag="310"><subfield code="a">Daily</subfield></datafield><datafield ind1="1" ind2=" " tag="362"><subfield code="a">Began in 1915?</subfield></datafield><datafield ind1=" " ind2=" " tag="500"><subfield code="a">Publisher: Ogden Newspapers, Inc., &lt;Jan. 1, 1996&gt;.</subfield></datafield><datafield ind1=" " ind2=" " tag="530"><subfield code="a">Also issued on microfilm from Bell &amp; Howell Information &amp; Learning.</subfield></datafield><datafield ind1=" " ind2=" " tag="588"><subfield code="a">Description based on: 20th year (Feb. 1, 1917).</subfield></datafield><datafield ind1=" " ind2=" " tag="588"><subfield code="a">Latest issue consulted: Vol. 103, no. 297 (Nov. 30, 2000).</subfield></datafield><datafield ind1=" " ind2="0" tag="651"><subfield code="a">Parkersburg (W. Va.)</subfield><subfield code="v">Newspapers.</subfield></datafield><datafield ind1=" " ind2="0" tag="651"><subfield code="a">Wood County (W. Va.)</subfield><subfield code="v">Newspapers.</subfield></datafield><datafield ind1=" " ind2="7" tag="655"><subfield code="a">Newspapers.</subfield><subfield code="2">fast</subfield><subfield code="0">(OCoLC)fst01423814</subfield></datafield><datafield ind1=" " ind2="7" tag="651"><subfield code="a">West Virginia</subfield><subfield code="z">Parkersburg.</subfield><subfield code="2">fast</subfield><subfield code="0">(OCoLC)fst01214465</subfield></datafield><datafield ind1=" " ind2="7" tag="651"><subfield code="a">West Virginia</subfield><subfield code="z">Wood County.</subfield><subfield code="2">fast</subfield><subfield code="0">(OCoLC)fst01209425</subfield></datafield><datafield ind1=" " ind2=" " tag="752"><subfield code="a">United States</subfield><subfield code="b">West Virginia</subfield><subfield code="c">Wood</subfield><subfield code="d">Parkersburg.</subfield></datafield><datafield ind1="0" ind2="0" tag="780"><subfield code="t">Parkersburg dispatch-news</subfield><subfield code="w">(DLC)sn 86092452</subfield><subfield code="w">(OCoLC)13393423</subfield></datafield></record>